@inproceedings{akutsu2019,
	title={A Mixed Integer Linear Programming Formulation to Artificial
Neural Networks},
	author={T. Akutsu and H. Nagamochi},
	booktitle={Proceedings of the 2019 2nd International Conference on Information Science and Systems},
	pages={215-220},
	howpublished={\url{https://doi.org/10.1145/3322645.3322683}},
	year={2019}
}
	
@article{azam2020,
	title={A Novel Method for Inference of Acyclic Chemical Compounds with Bounded Branch-height Based on Artificial Neural Networks and Integer Programming},
	author={N.~A.~Azam, J.~Zhu, Y.~Sun, Y.~Shi, A.~Shurbevski, L.~Zhao, H.~Nagamochi and T.~Akutsu},
	year={2020},
	howpublished={\url{???}},
}

@manual{cplex2020,
	title={IBM ILOG CPLEX Optimization Studio 12.8 User Manual},
	howpublished={\url{https://www.ibm.com/support/knowledgecenter/SSSA5P_12.8.0/ilog.odms.studio.help/pdf/usrcplex.pdf}},
	author={},
	year={2020}
}

@book{fukushima2012,
	title={数理計画入門},
	publisher={朝倉書店},
	author={福島雅夫},
	year={2012} 
}

@book{ibaraki2010,
	title={グラフ理論ー連結構造とその応用ー},
	publisher={朝倉書店},
	author={茨木俊秀, 永持仁, 石井利昌},
	year={2010} 
}

@book{matousek2007,
	title={Understanding and Using Linear Programming},
	publisher={Springer},
	author={J. Matousek and B. Gärtner},
	year={2007} 
}

@manual{PuLP1,
	title={A Python Linear Programming API},
	howpublished={\url{https://github.com/coin-or/pulp}},
	author={},
	year={2020} 
}

@manual{PuLP2,
	title={Optimization with PuLP},
	howpublished={\url{http://coin-or.github.io/pulp/}},
	author={},
	year={2020} 
}

@manual{PuLP3,
	title={The Python Papers Monograph},
	howpublished={\url{https://ojs.pythonpapers.org/index.php/tppm/article/view/111}},
	author={},
	year={2020} 
}

@manual{PuLP4,
	title={Optimization with PuLP},
	howpublished={\url{https://pythonhosted.org/PuLP/}},
	author={},
	year={2020} 
}

@book{rahman2017,
	title={Basic Graph Theory},
	publisher={Springer},
	author={M. S. Rahman},
	year={2017} 
}

